@article{boehmb06,
    author = "Barry Boehm",
    title = "A view of 20th and 21st century software engineering. Proceeding of the 28th International Conference on Software Engineering",
    year = "2006",
    pages = "13-17"
}

@article{univac,
    author = "J. Presper Eckert Jr.",
    authors = "James R. Wefner, H. Frazer Welsh, Herbert F. Mitchell",
    title = "The \uppercase{UNIVAC} system. Papers and Discussions Presented at the Dec. 10-12, 1951, Joint \uppercase{AIEE-IRE} Computer Conference: Review of Electronic Digital Computers on - \uppercase{AIEE-IRE}",
    year = 1951,
    pages = "6-7"
}
@article{fortran,
    author = "McJones P. ",
    title = "In Search of the Original Fortran Compiler. IEEE Annals of the History of Computing",
    journal = 39,
    year = 2017,
    pages = "82"
}

@article{eniacHistory,
    author = "Scott McCartney",
    title = "ENIAC the triumphs and tragedies of the first computer book",
    year = "1999"
}

@article{eniacDesign,
    author = "Stuart B. L.",
    title = "Programming the ENIAC. Proceedings of the IEEE",
    journal = 106,
    year = 2018
}

@article{eniacSwitches,
    author = "Marcus M. \& Akera A.",
    title = " Exploring the architecture of an early machine: the historical relevance of the ENIAC machine architecture. IEEE Annals of the History of Computing",
    journal = 18,
    year = 1996
}

@article{firstDBMS,
    author = "Haigh T.",
    title = " How Data Got its Base: Information Storage Software in the 1950s and 1960s. IEEE Annals of the History of Computing",
    journal = 31,
    year = 2009,
    pages = "6-25"
}

@article{a0compiler,
    author = "Strawn G. \& Strawn C.",
    title = "Grace Hopper: Compilers and Cobol. IT Professional",
    journal = 17,
    year = 2015
}

@article{ritchieJobs,
    author = "Perlow J.",
    title = "Without Dennis Ritchie, there would be no Jobs",
    year = "2022"
}

@article{unixRepo,
    author = "Spinellis D.",
    title = "A repository of Unix history and evolution. Empirical Software Engineering",
    journal = 22,
    year = 2016
}

@article{layeredArchitecure80s,
    author = "Ira P. Goldstein \& Daniel G. Bobrow ",
    title = "A Layered Approach to Software Design",
    year = "1980" 
}

@article{arpanetDdn,
    author = "Perry D. G. \& Blumenthal \& S. H. \& Hinden \& R. M.",
    title = "The ARPANET and the DARPA Internet.",
    journal = "Library Hi Tech, 6(2)",
    year = 1988
}

@article{worldWideWeb,
    author = "Berners-Lee T. \& Cailliau R. \& Luotonen A. Nielsen \& H. F. \& Secret A.",
    title = "The World-Wide Web. Communications of the ACM",
    journal = 37,
    year = 1994
}

@article{firstDefinition,
    author = "Bishop J. \& Horspool N.",
    title = "Cross-Platform Development: Software that Lasts.",
    journal = 39,
    year = 2006
}

@article{firstDefinitionPrinciple,
    author = "Edsger W. Djikstra",
    title = "Go To Statement Considered Harmful",
    journal = "Communications of the ACM",
    year = 1968
}

@article{observerDesignPattern,
    author = "Andrew Eagles",
    title = "The Observer Pattern Revisited",
    year = 2005

}

@article{definitionSOC,
    author = "Harold Ossher \& Peri Tarr",
    title = "Multi-dimensional separation of concerns and the Hyperspace approach",
    year = 2003 

}

@article{socExample,
	author="Bart De Win \& Wouter Joosen \& Frank Piessens \& Tine Verhanneman",
	title="On the importance of the separation-of-concerns principle in secure software engineering",
	year=2002
}

@article{readabilityMaintainability,
	author = "M. P. Robillard \& Westley R. Weimer",
	title = "Learning a metric for code readability",
	year = 2010
}

@article{flexibilityReusability,
	author = "Jones, T.C.",
	title = "Reusability in Programming, a Survey of the State of the Art",
	year = 1984

}

@article{testing,
	author = "Jiantao Pan",
	title = "Software Testing",
	year = 1999
}

@article{scalability,
	author = "Henry H. Liu",
	title = "Software Performance and Scalability: A Quantitative Approach",
	year = 2009
}

@article{complexity,
	author = "Horst Zuse",
	title = "Software Complexity: Measures and Methods",
	year = 1998
}

@article{debugging,
	author = "Hailpern B. \& Santhanam P.",
	title = "Software Debugging, Testing and Verification",
	year = 2002
}

@article{frameworks,
	author = "Brandon Satrom",
	title  = "Choosing the right JavaScript web framework for your next web application",
	year = 2018
}

@article{platformAbstraction,
	author = "Yoo S. \& Jerraya A.A.",
	title = "Introduction to Hardware Abstraction Layers for SoC",
	year = 2003
}

@article{srp,
	author = "Ampatzoglou A.",
	title = "Applying the Single Responsibility Principle in Industry",
	year = 2019,
}

@article{openClose,
	author = "Robert C. Martin",
	title = "More C++ gems",
	year = 2000
}

@article{liskov,
	author = "Walid Al-Ahmad",
	title = "On the interaction of Programming by Contract and Liskov substitution principle",
	year = 2001
}

@article{depInjection,
	author = "Dhananjay Prasanna",
	title = "Dependency Injection, Design Patterns using Spring and Guice",
	year = 2009
}

@article(mvcQ,
	author = "James Bucanek",
	title = "Learn Objective-C for Java developers",
	year = 2009
)
@article(singletonQ,
	author = "Dooley J.",
	title = "Software Development and Professional Practice",
	year = 2011
)
@article{mvvmQ,
	author = "Anderson C.",
	title = "The Model-View-ViewModel Design Pattern. Pro business applications with Silverlight",
	year = 2012
}
@article{flutterQ,
	author = "Eric Windmill",
	title = "Flutter in action",
	year = 2020
}
@article{reactNativeQ,
	author = "Adam Boduch",
	title = "React and React Native",
	year = 2017
}
@article{xamarinQ,
	author = "Dan Hermes",
	title = "Xamarin Mobile Application Development: Cross-Platform C# and Xamarin.Forms Fundamentals",
	year = 2015
}
